@book{Shelley:1993:F,
  author="Shelley, Mary",
  title="Frankenstein",
  volume="84",
  publisher="Project Gutenberg",
  year="1993",
  URL="https://www.gutenberg.org/files/84/84.zip",
}

@book{Joyce:2003:U,
  author="Joyce, James",
  title="Ulysses",
  volume="4300",
  publisher="Project Gutenberg",
  year="2003",
  URL="https://www.gutenberg.org/files/4300/4300.zip",
}

@book{Zola:2004:G,
  author="Zola, \'Emile",
  title="Germinale",
  volume="5711",
  publisher="Project Gutenberg",
  year="2004",
  URL="http://www.gutenberg.org/ebooks/5711.txt.utf-8",
}